<record><leader>00000cas a2200000 a 4500</leader><controlfield tag="001">14699466</controlfield><controlfield tag="008">861111d19371968txudn ne      0    0eng c</controlfield><datafield ind1=" " ind2=" " tag="010"><subfield code="a">sn 86090076 </subfield></datafield><datafield ind1=" " ind2=" " tag="040"><subfield code="a">PPM</subfield><subfield code="b">eng</subfield><subfield code="c">PPM</subfield><subfield code="d">CRL</subfield><subfield code="d">OCLCQ</subfield><subfield code="d">OCLCF</subfield></datafield><datafield ind1=" " ind2=" " tag="042"><subfield code="a">pcc</subfield></datafield><datafield ind1=" " ind2=" " tag="043"><subfield code="a">n-us-tx</subfield></datafield><datafield ind1="0" ind2="0" tag="245"><subfield code="a">Valley evening monitor.</subfield></datafield><datafield ind1=" " ind2=" " tag="260"><subfield code="a">McAllen, Tex. :</subfield><subfield code="b">Valley Evening Monitor, Inc.</subfield></datafield><datafield ind1=" " ind2=" " tag="300"><subfield code="a">v. :</subfield><subfield code="b">ill.</subfield></datafield><datafield ind1=" " ind2=" " tag="310"><subfield code="a">Daily (except Sat.)</subfield></datafield><datafield ind1=" " ind2=" " tag="321"><subfield code="a">Daily (except Sat. &amp; Sun.)</subfield></datafield><datafield ind1="0" ind2=" " tag="362"><subfield code="a">Vol. 28, no. 227 (Nov. 22, 1937)-v. 58, no. 291 (June 7, 1968).</subfield></datafield><datafield ind1=" " ind2="0" tag="651"><subfield code="a">Hidalgo County (Tex.)</subfield><subfield code="v">Newspapers.</subfield></datafield><datafield ind1=" " ind2="0" tag="651"><subfield code="a">McAllen (Tex.)</subfield><subfield code="v">Newspapers.</subfield></datafield><datafield ind1=" " ind2="7" tag="655"><subfield code="a">Newspapers.</subfield><subfield code="2">fast</subfield><subfield code="0">(OCoLC)fst01423814</subfield></datafield><datafield ind1=" " ind2="7" tag="651"><subfield code="a">Texas</subfield><subfield code="z">Hidalgo County.</subfield><subfield code="2">fast</subfield><subfield code="0">(OCoLC)fst01213209</subfield></datafield><datafield ind1=" " ind2="7" tag="651"><subfield code="a">Texas</subfield><subfield code="z">McAllen.</subfield><subfield code="2">fast</subfield><subfield code="0">(OCoLC)fst01221785</subfield></datafield><datafield ind1=" " ind2=" " tag="752"><subfield code="a">United States</subfield><subfield code="b">Texas</subfield><subfield code="c">Hidalgo</subfield><subfield code="d">McAllen.</subfield></datafield><datafield ind1="0" ind2="0" tag="780"><subfield code="t">McAllen daily monitor</subfield><subfield code="w">(DLC)sn 88083718</subfield><subfield code="w">(OCoLC)18076338</subfield></datafield><datafield ind1="0" ind2="0" tag="785"><subfield code="t">Monitor (McAllen, Tex.)</subfield><subfield code="x">8750-524X</subfield><subfield code="w">(DLC)sn 84002114</subfield><subfield code="w">(OCoLC)11478197</subfield></datafield></record>